<?xml version="1.0" encoding="UTF-8"?><collection xmlns="http://www.loc.gov/MARC21/slim"><record><leader>00472nam--2200157-i-4500</leader><controlfield tag="001">000009095</controlfield><controlfield tag="002">20161230</controlfield><controlfield tag="005">20161230201028</controlfield><controlfield tag="008">060222s1000------------r-----000-0-eng-d</controlfield><datafield ind1=" " ind2=" " tag="245"><subfield code="a">Dictionary of symbols mathematical logic</subfield></datafield><datafield ind1=" " ind2=" " tag="260"><subfield code="a">Amsterdam, North-holland Publ.Co., 1969</subfield></datafield><datafield ind1=" " ind2=" " tag="300"><subfield code="a">XIV+171P</subfield></datafield><datafield ind1=" " ind2=" " tag="490"><subfield code="a">Studies I Logic And The Foundation Of Mathematics</subfield></datafield><datafield ind1=" " ind2=" " tag="700"><subfield code="a">Feys, Robert And Fitch, Frederic B</subfield></datafield><datafield ind1=" " ind2=" " tag="852"><subfield code="a">31847</subfield><subfield code="c">517.11</subfield></datafield><datafield ind1=" " ind2=" " tag="CAT"><subfield code="a">Sys</subfield><subfield code="c">20080715</subfield><subfield code="h">124901</subfield></datafield></record></collection>